@misc{FPOMathematik10,
    doi = {10.48550/ARXIV.2004.03586},
    url = {https://arxiv.org/abs/2004.03586},
    author = {Briot, Jean-Pierre},
    keywords = {Audio and Speech Processing (eess.AS), Machine Learning (cs.LG), Multimedia (cs.MM), Sound (cs.SD), Machine Learning (stat.ML), FOS: Electrical engineering, electronic engineering, information engineering, FOS: Electrical engineering, electronic engineering, information engineering, FOS: Computer and information sciences, FOS: Computer and information sciences},
    title = {From Artificial Neural Networks to Deep Learning for Music Generation -- History, Concepts and Trends},
    publisher = {arXiv},
    year = {2020},
    copyright = {arXiv.org perpetual, non-exclusive license}
}

@book{Faltings2000,
    title = {Designing Sound},
    author = {Farnell, A.},
    isbn = {9780262288835},
    lccn = {2009050741},
    series = {The MIT Press},
    url = {https://books.google.cz/books?id=eMPxCwAAQBAJ},
    year = {2010},
    publisher = {MIT Press}
}

@misc{Hesse20140306,
    author = {Robert Hutchinson},
    title = {Music Theory for the 21st-Century Classroom},
    publisher = {University of Puget Sound},
    address = {Tacoma, Washington},
    year = {2020},
    edition = {August 2020 version},
    medium = {online},
    accessed = {2022-04-20},
    URL = {https://musictheory.pugetsound.edu/hw/MusicTheory-Aug-2020.pdf},
}

@online{Achieser1981,
    author = {Mark Andrew Cook},
    title = {Music Theory},
    year = {2012},
    edition = {v. 1.0},
    urldate = {2022-04-21},
    url = {https://2012books.lardbucket.org/pdfs/music-theory.pdf},
}

@book{someAuthor2013,
    title = {A History of Western Music},
    author = {Burkholder, J. Peter and Grout, Donald Jay and Palisca, Claude V.},
    publisher = {W. W. Norton \& Company},
    year = {2019},
    month = {7},
    day = {1},
    date = {2019-07-01},
    edition = {Hardcover},
    language = {English},
    pages = {1084},
    keywords = {Music History & Criticism, Music Theory, Music},
    isbn = {978-0393668179},
    isbn10 = {0393668177},
    url = {https://lead.to/amazon/com/?op=bt&la=en&cu=usd&key=0393668177},
    url-am = {https://www.amazon.com/dp/0393668177/},
    url-go = {https://books.google.com/books?isbn=9780393668179},
    url-wo = {https://www.worldcat.org/search?qt=l2a&q=isbn%3A9780393668179},
    price = {$125.87},
    condition = {New},
    timestamp = {2022-04-23},
}
